% this is the bibliography file


@book{linkers-and-loaders,
  author = 	 "John R. Levine",
  title = 	 "Linkers and Loaders",
  publisher = "Morgan Kaufmann",
  month = 	 "October",
  year = 	 "1999"
}

@book{x86-fundamentals,
  author = 	 "Joseph Cavanagh",
  title = 	 "X86 Assembly Language and C Fundamentals",
  publisher = "CRC Press",
  month = 	 "January",
  year = 	 "2013",
  url = 	 "https://www.crcpress.com/X86-Assembly-Language-and-C-Fundamentals/Cavanagh/p/book/9781466568242"
}

@book{arm-manual,
  author = 	 "David Seal",
  title = 	 "ARM Architecture Reference Manual 2nd Edition",
  publisher = "Addison-Wesley",
  year = 	 "2001",
}
